<record><leader>00000cas a22000007a 4500</leader><controlfield tag="001">17559254</controlfield><controlfield tag="008">880301d18711871ohuzn ne      0    0eng d</controlfield><datafield ind1=" " ind2=" " tag="010"><subfield code="a">sn 88077264 </subfield></datafield><datafield ind1=" " ind2=" " tag="040"><subfield code="a">ONP</subfield><subfield code="b">eng</subfield><subfield code="c">ONP</subfield><subfield code="d">OCLCQ</subfield></datafield><datafield ind1=" " ind2=" " tag="042"><subfield code="a">msc</subfield></datafield><datafield ind1="0" ind2=" " tag="130"><subfield code="a">Campaigner (Eaton, Ohio)</subfield></datafield><datafield ind1="1" ind2="4" tag="245"><subfield code="a">The Campaigner.</subfield></datafield><datafield ind1=" " ind2=" " tag="260"><subfield code="a">Eaton [Ohio :</subfield><subfield code="b">s.n.],</subfield><subfield code="c">1871.</subfield></datafield><datafield ind1="0" ind2=" " tag="362"><subfield code="a">Vol. 1, no. 1 (Sept. 28, 1871).</subfield></datafield><datafield ind1=" " ind2=" " tag="515"><subfield code="a">One issue published.</subfield></datafield><datafield ind1=" " ind2=" " tag="752"><subfield code="a">United States</subfield><subfield code="b">Ohio</subfield><subfield code="c">Preble</subfield><subfield code="d">Eaton.</subfield></datafield></record>